@article{Mound2019RegionalVariations,
    title = {{Regional stratification at the top of Earth's core due to coreâ€“mantle boundary heat flux variations}},
    year = {2019},
    journal = {Nature Geoscience},
    author = {Mound, Jon and Davies, Chris and Rost, Sebastian and Aurnou, Jon},
    doi = {10.1038/s41561-019-0381-z},
    issn = {17520908}
}

@article{Davies2015,
    title = {{Constraints from material properties on the dynamics and evolution of Earth's core}},
    year = {2015},
    journal = {Nature Geoscience},
    author = {Davies, Christopher and Pozzo, Monica and Gubbins, David and Alf{\`{e}}, Dario},
    number = {9},
    pages = {678--685},
    volume = {8},
    isbn = {0031-9201},
    doi = {10.1038/ngeo2492},
    issn = {17520908},
    pmid = {17737697},
    arxivId = {0909.0948}
}
